@misc{latex2005,
  title={A beginnerâ€™s introduction to typesetting with LATEX},
  author={Flynn, Peter},
  year={2005},
  url={http://ctan.ijs.si/tex-archive/documentation/beginlatex/src/old/beginlatex.letter.pdf}
}
@article{tarlo2001outcomes,
  title={Outcomes of a natural rubber latex control program in an Ontario teaching hospital},
  author={Tarlo, Susan M and Easty, Anthony and Eubanks, Kathleen and Parsons, Craig R and Min, Frank and Juvet, Stephen and Liss, Gary M},
  journal={Journal of Allergy and Clinical Immunology},
  volume={108},
  number={4},
  pages={628--633},
  year={2001},
  publisher={Elsevier}
}
